@online{wikipedia_pattern_recognition,
    url={https://en.wikipedia.org/wiki/Pattern_recognition},
    urldate={2020-01-26}, %should always include urldate when citing websites
    title={Pattern Recognition},
    author={Wikipedia},
    organization={Wikimedia Foundation}, %optional
    year={2020},
}

@online{lille_rdf_course,
    url={http://master-ivi.univ-lille1.fr/Cours/RdF},
    urldate={2020-02-04}, %should always include urldate when citing websites
    title={Reconnaissance des formes},
    author={François Cabestaing},
    organization={Université de Lille}, %optional
    year={2020},
}

@online{complex_number,
    url={https://en.wikipedia.org/wiki/Complex_number},
    urldate={2020-02-04}, %should always include urldate when citing websites
    title={Complex number},
    author={Wikipedia},
    organization={Wikimedia Foundation}, %optional
    year={2020},
}


@online{fast_fourier_transform,
    url={https://en.wikipedia.org/wiki/Fast_Fourier_transform},
    urldate={2020-02-04}, %should always include urldate when citing websites
    title={Fast Fourier Transform},
    author={Wikipedia},
    organization={Wikimedia Foundation}, %optional
    year={2020},
}

@online{point_to_line_distance,
    url={https://en.wikipedia.org/wiki/Distance_from_a_point_to_a_line},
    urldate={2020-02-04}, %should always include urldate when citing websites
    title={Distance from a point to a line},
    author={Wikipedia},
    organization={Wikimedia Foundation}, %optional
    year={2020},
}

@online{line_equation_complex_numbers,
    url={https://proofwiki.org/wiki/Equation_for_Line_through_Two_Points_in_Complex_Plane/Examples/2%2Bi,_3-2i/Standard_Form},
    urldate={2020-02-04}, %should always include urldate when citing websites
    title={Line Equation for Complex Numbers},
    author={Wikipedia},
    organization={Wikimedia Foundation}, %optional
    year={2020},
}

@online{r_documentation,
    url={https://www.rdocumentation.org/packages/EBImage/versions/4.14.2/topics/filter2},
    urldate={2020-02-13}, %should always include urldate when citing websites
    title={R documentation},
    author={RDocumentation},
    organization={DataCamp}, %optional
    year={2020},
}

@online{wiki_conjoint_histograms,
    url={https://fr.wikipedia.org/wiki/Histogramme_conjoint},
    urldate={2020-02-13}, %should always include urldate when citing websites
    title={Histogramme conjoint},
    author={Wikipedia},
    organization={Wikimedia Foundation}, %optional
    year={2020},
}