@online{wikipedia_pattern_recognition,
    url={https://en.wikipedia.org/wiki/Pattern_recognition},
    urldate={2020-01-26}, %should always include urldate when citing websites
    title={Pattern Recognition},
    author={Wikipedia},
    organization={Wikimedia Foundation}, %optional
    year={2020},
}

@online{lille_rdf_course,
    url={http://master-ivi.univ-lille1.fr/Cours/RdF},
    urldate={2020-02-04}, %should always include urldate when citing websites
    title={Reconnaissance des formes},
    author={François Cabestaing},
    organization={Université de Lille}, %optional
    year={2020},
}

@online{complex_number,
    url={https://en.wikipedia.org/wiki/Complex_number},
    urldate={2020-02-04}, %should always include urldate when citing websites
    title={Complex number},
    author={Wikipedia},
    organization={Wikimedia Foundation}, %optional
    year={2020},
}


@online{fast_fourier_transform,
    url={https://en.wikipedia.org/wiki/Fast_Fourier_transform},
    urldate={2020-02-04}, %should always include urldate when citing websites
    title={Fast Fourier Transform},
    author={Wikipedia},
    organization={Wikimedia Foundation}, %optional
    year={2020},
}