@online{wikipedia_pattern_recognition,
url={https://en.wikipedia.org/wiki/Pattern_recognition},
urldate={2020-01-26}, %should always include urldate when citing websites
title={Pattern Recognition},
author={Wikipedia},
organization={Wikimedia Foundation}, %optional
year={2020},
}

